@book{Delsing2017a,
	date-added = {2017-02-22 10:35:24 +0000},
	date-modified = {2017-06-21 17:15:16 +0000},
	editor = {Jerker Delsing},
	month = {Feb.},
	number = {ISBN 9781498756754},
	publisher = {{CRC} Press},
	title = {{IoT} Automation - Arrowhead Framework},
	year = {2017}
	}

